<record><leader>00000cas a22000007a 4500</leader><controlfield tag="001">12920583</controlfield><controlfield tag="008">851216d18951896wvuwr ne      0    0eng d</controlfield><datafield ind1=" " ind2=" " tag="010"><subfield code="a">sn 85059814 </subfield></datafield><datafield ind1=" " ind2=" " tag="040"><subfield code="a">WVC</subfield><subfield code="b">eng</subfield><subfield code="c">WVC</subfield><subfield code="d">OCL</subfield><subfield code="d">OCLCQ</subfield></datafield><datafield ind1=" " ind2=" " tag="042"><subfield code="a">msc</subfield></datafield><datafield ind1="0" ind2="4" tag="245"><subfield code="a">The Bimetalist.</subfield></datafield><datafield ind1=" " ind2=" " tag="260"><subfield code="a">Charleston, W. Va. :</subfield><subfield code="b">S.X. Swimme</subfield></datafield><datafield ind1=" " ind2=" " tag="300"><subfield code="a">v.</subfield></datafield><datafield ind1=" " ind2=" " tag="310"><subfield code="a">Weekly</subfield></datafield><datafield ind1="1" ind2=" " tag="362"><subfield code="a">Began in 1895.</subfield></datafield><datafield ind1=" " ind2=" " tag="500"><subfield code="a">"Republican."</subfield></datafield><datafield ind1=" " ind2=" " tag="500"><subfield code="a">Editor: S.X. Swimme.</subfield></datafield><datafield ind1=" " ind2=" " tag="515"><subfield code="a">Suspended publication between Dec. 20, 1895 and Jan. 3, 1896.</subfield></datafield><datafield ind1=" " ind2=" " tag="588"><subfield code="a">Description based on: Vol. 1, no. 5 (Dec. 20, 1895).</subfield></datafield><datafield ind1=" " ind2=" " tag="752"><subfield code="a">United States</subfield><subfield code="b">West Virginia</subfield><subfield code="c">Kanawha</subfield><subfield code="d">Charleston.</subfield></datafield></record>